@misc{website:raspberry,
      author = "Steve Breuning",
      title = "Sending data to an HTTP server - get and post methods",
      year = "2014",
      url = {http://raspberrywebserver.com/cgiscripting/sending-data-to-an-HTTP-server-get-and-post-methods.html#disqus_thread},
  	  note = "[Online; accessed 14-February-2016]"
}